@book{borrelli_bemporad_morari_2017, place={Cambridge}, title={Predictive Control for Linear and Hybrid Systems}, DOI={10.1017/9781139061759}, publisher={Cambridge University Press}, author={Borrelli, Francesco and Bemporad, Alberto and Morari, Manfred}, year={2017}}

@INPROCEEDINGS{7225830,
author={J. Kong and M. Pfeiffer and G. Schildbach and F. Borrelli},
booktitle={2015 IEEE Intelligent Vehicles Symposium (IV)},
title={Kinematic and dynamic vehicle models for autonomous driving control design},
year={2015},
volume={},
number={},
pages={1094-1099},
keywords={control system synthesis;kinematics;predictive control;road traffic control;road vehicles;vehicle dynamics;kinematic vehicle models;dynamic vehicle models;autonomous driving control design;model-based control design;forecast error statistics;discretization effect;model predictive control;MPC;simple kinematic bicycle model;windy road;Kinematics;Vehicle dynamics;Predictive models;Bicycles;Tires;Trajectory},
doi={10.1109/IVS.2015.7225830},
ISSN={1931-0587},
month={June},}

@misc{1808.10703,
Author = {Atsushi Sakai and Daniel Ingram and Joseph Dinius and Karan Chawla and Antonin Raffin and Alexis Paques},
Title = {PythonRobotics: a Python code collection of robotics algorithms},
Year = {2018},
Eprint = {arXiv:1808.10703},
}
